<record><leader>00000cas a22000007a 4500</leader><controlfield tag="001">26511601</controlfield><controlfield tag="008">920831d18741874caucr ne      0    0eng d</controlfield><datafield ind1=" " ind2=" " tag="010"><subfield code="a">sn 92068805 </subfield></datafield><datafield ind1=" " ind2=" " tag="040"><subfield code="a">CUY</subfield><subfield code="b">eng</subfield><subfield code="c">CNK</subfield><subfield code="d">OCLCQ</subfield></datafield><datafield ind1=" " ind2=" " tag="042"><subfield code="a">msc</subfield></datafield><datafield ind1="0" ind2=" " tag="130"><subfield code="a">Semi-weekly independent (Sutter Creek, Calif.)</subfield></datafield><datafield ind1="1" ind2="0" tag="245"><subfield code="a">Semi-weekly independent.</subfield></datafield><datafield ind1="1" ind2="3" tag="246"><subfield code="a">Sutter Creek semi-weekly independent</subfield></datafield><datafield ind1=" " ind2=" " tag="260"><subfield code="a">Sutter Creek, Amador County, Calif. :</subfield><subfield code="b">W.F. Aram</subfield></datafield><datafield ind1=" " ind2=" " tag="300"><subfield code="a">v.</subfield></datafield><datafield ind1=" " ind2=" " tag="310"><subfield code="a">Semiweekly</subfield></datafield><datafield ind1="0" ind2=" " tag="362"><subfield code="a">Vol. 1, no. 1 (Mar. 25, 1874)-</subfield></datafield><datafield ind1="1" ind2=" " tag="362"><subfield code="a">Ceased June 26, 1874.</subfield></datafield><datafield ind1=" " ind2="4" tag="651"><subfield code="a">Amador County (Calif.)</subfield><subfield code="v">Newspapers.</subfield></datafield><datafield ind1=" " ind2=" " tag="752"><subfield code="a">United States</subfield><subfield code="b">California</subfield><subfield code="c">Amador</subfield><subfield code="d">Sutter Creek.</subfield></datafield><datafield ind1="0" ind2="0" tag="780"><subfield code="t">Sutter Creek independent</subfield><subfield code="w">(DLC)sn 92068804</subfield></datafield><datafield ind1="1" ind2=" " tag="029"><subfield code="a">AU@</subfield><subfield code="b">000020707201</subfield></datafield></record>